@misc{mondeja/pymarketcap,
  author = "Álvaro Mondéjar and contributors",
  title = "pymarketcap --- Coinmarketcap API wrapper and website scraper for Python",
  year = "2017-2018",
  howpublished = "\url{https://github.com/mondeja/pymarketcap}",
}

@misc{mondeja/cpolf,
  author = "Álvaro Mondéjar",
  title = "cpolf --- Calculate points on lines with Python C API",
  year = "2020",
  howpublished = "\url{https://github.com/mondeja/cpolf}",
}

@misc{mondeja/polf,
  author = "Álvaro Mondéjar",
  title = "cpolf --- Calculate points on lines with Javascript",
  year = "2020",
  howpublished = "\url{https://github.com/mondeja/cpolf}",
}

@misc{mondeja/svg-path-bbox,
  author = "Álvaro Mondéjar",
  title = "svg-path-bbox --- SVG paths bounding box Javascript calculator",
  year = "2020",
  howpublished = "\url{https://github.com/mondeja/svg-path-bbox}",
}

@misc{mondeja/shread,
  author = "Álvaro Mondéjar",
  title = "shread --- Ubuntu/Debian based localized Bash scripts",
  year = "2020",
  howpublished = "\url{https://github.com/mondeja/shread}",
}
